<collection>
<record>
<leader>06211cpcaa22009977a 4500</leader>
<controlfield tag="001">13656270</controlfield>
<controlfield tag="005">20240227131236.0</controlfield>
<controlfield tag="008">040715i19881993dcu eng </controlfield>
<datafield ind1=" " ind2=" " tag="906">
<subfield code="a">7</subfield>
<subfield code="b">cbc</subfield>
<subfield code="c">orignew</subfield>
<subfield code="d">u</subfield>
<subfield code="e">ncip</subfield>
<subfield code="f">20</subfield>
<subfield code="g">y-folklife</subfield>
</datafield>
<datafield ind1=" " ind2=" " tag="955">
<subfield code="a">mkru 2004-07-15</subfield>
<subfield code="a">
mkru 2004-08-19; mkru 2004-09-30; mkru 2005-02-01; mkru 2005-05-03; mkru 2005-07-14; mkru 2011-12-28;
</subfield>
<subfield code="a">
mseg 2013-01-07; cker 2014-12-12; cker 2014-12-23; cker 2015-06-17
</subfield>
<subfield code="a">mseg 2017-07-10</subfield>
<subfield code="a">masmit 2020-06-05</subfield>
<subfield code="a">masmit 2021-06-08</subfield>
<subfield code="a">vmor 2023-07-18</subfield>
<subfield code="a">masmit 2024-02-27</subfield>
</datafield>
<datafield ind1=" " ind2=" " tag="010">
<subfield code="a"> 2004695184</subfield>
</datafield>
<datafield ind1=" " ind2=" " tag="040">
<subfield code="a">DLC</subfield>
<subfield code="b">eng</subfield>
<subfield code="c">DLC</subfield>
<subfield code="e">appm</subfield>
<subfield code="d">DLC</subfield>
<subfield code="d">DLC</subfield>
</datafield>
<datafield ind1="0" ind2=" " tag="041">
<subfield code="a">eng</subfield>
<subfield code="a">ita</subfield>
<subfield code="d">eng</subfield>
<subfield code="d">ita</subfield>
</datafield>
<datafield ind1=" " ind2=" " tag="043">
<subfield code="a">n-usp--</subfield>
</datafield>
<datafield ind1=" " ind2=" " tag="090">
<subfield code="a">
RXF 6708-6766; RXF 7091-7096; RYL 9314-9399; RYM 2411-2482; RYM 2758-2839
</subfield>
</datafield>
<datafield ind1=" " ind2=" " tag="090">
<subfield code="a">VRA 4035-4047; VRA 4049-4056</subfield>
</datafield>
<datafield ind1=" " ind2=" " tag="090">
<subfield code="a">AFC 1989/022</subfield>
</datafield>
<datafield ind1="0" ind2="0" tag="245">
<subfield code="a">Italian Americans in the West Project collection,</subfield>
<subfield code="f">1988-1993 /</subfield>
<subfield code="c">collected by the American Folklife Center.</subfield>
</datafield>
<datafield ind1=" " ind2=" " tag="260">
<subfield code="c">1988-1993.</subfield>
</datafield>
<datafield ind1=" " ind2=" " tag="300">
<subfield code="3">manuscripts</subfield>
<subfield code="a">323 folders.</subfield>
</datafield>
<datafield ind1=" " ind2=" " tag="300">
<subfield code="3">sound recordings</subfield>
<subfield code="a">65 sound tape reels :</subfield>
<subfield code="b">analog, 7 1/2 ips ;</subfield>
<subfield code="c">7 in.</subfield>
</datafield>
<datafield ind1=" " ind2=" " tag="300">
<subfield code="3">sound recordings</subfield>
<subfield code="a">233 sound cassettes :</subfield>
<subfield code="b">analog.</subfield>
</datafield>
<datafield ind1=" " ind2=" " tag="300">
<subfield code="3">graphic materials</subfield>
<subfield code="a">ca. 25,000 photographs.</subfield>
</datafield>
<datafield ind1=" " ind2=" " tag="300">
<subfield code="3">graphic materials</subfield>
<subfield code="a">5 architectural drawings.</subfield>
</datafield>
<datafield ind1=" " ind2=" " tag="300">
<subfield code="3">graphic materials</subfield>
<subfield code="a">10 blueprints.</subfield>
</datafield>
<datafield ind1=" " ind2=" " tag="300">
<subfield code="3">moving images</subfield>
<subfield code="a">22 videocassettes :</subfield>
<subfield code="b">sd., col. ;</subfield>
<subfield code="c">3/4 in. and 1/2 in.</subfield>
</datafield>
<datafield ind1=" " ind2=" " tag="300">
<subfield code="3">artifacts</subfield>
<subfield code="a">12 items.</subfield>
</datafield>
<datafield ind1=" " ind2=" " tag="300">
<subfield code="a">32 computer disks ;</subfield>
<subfield code="c">3 1/2 in.</subfield>
</datafield>
<datafield ind1=" " ind2=" " tag="300">
<subfield code="a">28 computer disks ;</subfield>
<subfield code="c">5 1/4 in.</subfield>
</datafield>
<datafield ind1=" " ind2=" " tag="351">
<subfield code="a">
Organized by format into the following series: I. Manuscript and Print Materials, II. Computer Diskettes, III. Sound Recordings, IV. Graphic Materials, V. Moving Images, VI. Exhibition Materials.
</subfield>
</datafield>
<datafield ind1=" " ind2=" " tag="520">
<subfield code="a">
The collection consists of manuscript materials, sound recordings, graphic materials (including color slides, black-and-white negatives, and photographic prints), and moving images collected during a field research project documenting Italian American occupational, cultural, and religious traditions in several locations in the western United States. Fieldwork was conducted in Gilroy, California; San Pedro, California; Pueblo, Colorado; Carbon County, Utah; Walla Walla, Washington; and several mining and ranching communities in Nevada by staff of the American Folklife Center. The project was part of the Quincentenary Celebration of Christopher Columbus sponsored by the Library of Congress in 1992. It produced a traveling exhibition and book of essays, both titled, "Old Ties, New Attachments : Italian-American Folklife in the West."
</subfield>
</datafield>
<datafield ind1="8" ind2=" " tag="524">
<subfield code="a">
Italian Americans in the West Project Collection (AFC 1989/022), American Folklife Center, Library of Congress, Washington, D.C.
</subfield>
</datafield>
<datafield ind1="1" ind2=" " tag="506">
<subfield code="a">
Collection is open for research; access restrictions apply; some or all content stored offsite. To request materials, please contact the Folklife Reading Room at
</subfield>
<subfield code="u">https://hdl.loc.gov/loc.afc/folklife.contact</subfield>
</datafield>
<datafield ind1=" " ind2=" " tag="540">
<subfield code="a">
Duplication of the collection materials may be governed by copyright and other restrictions.
</subfield>
</datafield>
<datafield ind1=" " ind2=" " tag="546">
<subfield code="a">In English and Italian.</subfield>
</datafield>
<datafield ind1="0" ind2=" " tag="555">
<subfield code="a">Finding aid is available online</subfield>
<subfield code="u">https://hdl.loc.gov/loc.afc/eadafc.af007003</subfield>
</datafield>
<datafield ind1=" " ind2=" " tag="581">
<subfield code="a">
Taylor, David A. and John Alexander Williams, eds. Old Ties, New Attachments: Italian-American Folklife in the West, Washington, D.C.: Library of Congress, 1992.
</subfield>
</datafield>
<datafield ind1=" " ind2="0" tag="650">
<subfield code="a">Italian Americans</subfield>
<subfield code="z">West (U.S.)</subfield>
<subfield code="x">Social life and customs.</subfield>
</datafield>
<datafield ind1=" " ind2="0" tag="650">
<subfield code="a">Italian Americans</subfield>
<subfield code="z">West (U.S.)</subfield>
<subfield code="x">Folklore.</subfield>
</datafield>
<datafield ind1=" " ind2="0" tag="650">
<subfield code="a">Italian Americans</subfield>
<subfield code="z">West (U.S.)</subfield>
<subfield code="x">Religion.</subfield>
</datafield>
<datafield ind1=" " ind2="0" tag="650">
<subfield code="a">Italian American families</subfield>
<subfield code="z">West (U.S.)</subfield>
</datafield>
<datafield ind1=" " ind2="0" tag="650">
<subfield code="a">Catholics</subfield>
<subfield code="z">West (U.S.)</subfield>
<subfield code="x">Social life and customs.</subfield>
</datafield>
<datafield ind1=" " ind2="0" tag="650">
<subfield code="a">Italian Americans</subfield>
<subfield code="z">California</subfield>
<subfield code="x">Social life and customs.</subfield>
</datafield>
<datafield ind1=" " ind2="0" tag="650">
<subfield code="a">Italian Americans</subfield>
<subfield code="z">Nevada</subfield>
<subfield code="x">Social life and customs.</subfield>
</datafield>
<datafield ind1=" " ind2="0" tag="650">
<subfield code="a">Italian Americans</subfield>
<subfield code="z">Colorado</subfield>
<subfield code="x">Social life and customs.</subfield>
</datafield>
<datafield ind1=" " ind2="0" tag="650">
<subfield code="a">Italian Americans</subfield>
<subfield code="z">Utah</subfield>
<subfield code="x">Social life and customs.</subfield>
</datafield>
<datafield ind1=" " ind2="0" tag="650">
<subfield code="a">Italian Americans</subfield>
<subfield code="z">Washington (State)</subfield>
<subfield code="x">Social life and customs.</subfield>
</datafield>
<datafield ind1=" " ind2="0" tag="650">
<subfield code="a">Occupations</subfield>
<subfield code="z">West (U.S.)</subfield>
</datafield>
<datafield ind1=" " ind2="0" tag="650">
<subfield code="a">Columbus Quincentenary, 1992-1993</subfield>
<subfield code="z">West (U.S.)</subfield>
</datafield>
<datafield ind1=" " ind2="0" tag="650">
<subfield code="a">Field recordings</subfield>
<subfield code="z">West (U.S.)</subfield>
</datafield>
<datafield ind1=" " ind2="0" tag="651">
<subfield code="a">West (U.S.)</subfield>
<subfield code="x">Social life and customs.</subfield>
</datafield>
<datafield ind1=" " ind2="7" tag="655">
<subfield code="a">Interviews.</subfield>
<subfield code="2">lcgft</subfield>
</datafield>
<datafield ind1=" " ind2="7" tag="655">
<subfield code="a">Photographs.</subfield>
<subfield code="2">lcgft</subfield>
</datafield>
<datafield ind1=" " ind2="7" tag="655">
<subfield code="a">Ethnography.</subfield>
<subfield code="2">afset</subfield>
</datafield>
<datafield ind1=" " ind2="7" tag="655">
<subfield code="a">Traveling exhibitions.</subfield>
<subfield code="2">aat</subfield>
</datafield>
<datafield ind1=" " ind2="7" tag="655">
<subfield code="a">Manuscripts.</subfield>
<subfield code="2">lcgft</subfield>
</datafield>
<datafield ind1=" " ind2="7" tag="655">
<subfield code="a">Sound recordings.</subfield>
<subfield code="2">lcgft</subfield>
</datafield>
<datafield ind1=" " ind2="7" tag="655">
<subfield code="a">Video recordings.</subfield>
<subfield code="2">lcgft</subfield>
</datafield>
<datafield ind1=" " ind2="7" tag="655">
<subfield code="a">Field recordings.</subfield>
<subfield code="2">lcgft</subfield>
</datafield>
<datafield ind1=" " ind2="7" tag="655">
<subfield code="a">Oral histories.</subfield>
<subfield code="2">lcgft</subfield>
</datafield>
<datafield ind1=" " ind2="7" tag="655">
<subfield code="a">Clippings.</subfield>
<subfield code="2">gmgpc</subfield>
</datafield>
<datafield ind1="1" ind2=" " tag="700">
<subfield code="a">Carter, Thomas,</subfield>
<subfield code="d">1949-</subfield>
<subfield code="e">interviewer,</subfield>
<subfield code="e">photographer.</subfield>
</datafield>
<datafield ind1="1" ind2=" " tag="700">
<subfield code="a">DeNatale, Douglas,</subfield>
<subfield code="e">interviewer,</subfield>
<subfield code="e">photographer.</subfield>
</datafield>
<datafield ind1="1" ind2=" " tag="700">
<subfield code="a">Frank, Russell,</subfield>
<subfield code="d">1954-</subfield>
<subfield code="e">interviewer,</subfield>
<subfield code="e">photographer.</subfield>
</datafield>
<datafield ind1="1" ind2=" " tag="700">
<subfield code="a">Graham, Andrea,</subfield>
<subfield code="e">interviewer,</subfield>
<subfield code="e">photographer.</subfield>
</datafield>
<datafield ind1="1" ind2=" " tag="700">
<subfield code="a">Light, Ken,</subfield>
<subfield code="e">interviewer,</subfield>
<subfield code="e">photographer.</subfield>
</datafield>
<datafield ind1="1" ind2=" " tag="700">
<subfield code="a">Lund, Jens,</subfield>
<subfield code="d">1946-</subfield>
<subfield code="e">interviewer,</subfield>
<subfield code="e">photographer.</subfield>
</datafield>
<datafield ind1="1" ind2=" " tag="700">
<subfield code="a">Manini, Paula Marie,</subfield>
<subfield code="d">1955-</subfield>
<subfield code="e">interviewer,</subfield>
<subfield code="e">photographer.</subfield>
</datafield>
<datafield ind1="1" ind2=" " tag="700">
<subfield code="a">Notarianni, Philip F.,</subfield>
<subfield code="e">interviewer,</subfield>
<subfield code="e">photographer.</subfield>
</datafield>
<datafield ind1="1" ind2=" " tag="700">
<subfield code="a">Owen, Blanton,</subfield>
<subfield code="d">1945-1998,</subfield>
<subfield code="e">interviewer,</subfield>
<subfield code="e">photographer.</subfield>
</datafield>
<datafield ind1="1" ind2=" " tag="700">
<subfield code="a">Parks, Valerie,</subfield>
<subfield code="e">photographer.</subfield>
</datafield>
<datafield ind1="1" ind2=" " tag="700">
<subfield code="a">Roeder, Beatrice A.,</subfield>
<subfield code="e">interviewer,</subfield>
<subfield code="e">photographer.</subfield>
</datafield>
<datafield ind1="1" ind2=" " tag="700">
<subfield code="a">Siporin, Steve,</subfield>
<subfield code="e">interviewer,</subfield>
<subfield code="e">photographer.</subfield>
</datafield>
<datafield ind1="1" ind2=" " tag="700">
<subfield code="a">Tavarelli, Paola,</subfield>
<subfield code="e">interviewer,</subfield>
<subfield code="e">photographer.</subfield>
</datafield>
<datafield ind1="1" ind2=" " tag="700">
<subfield code="a">Taylor, David Alan,</subfield>
<subfield code="d">1951-</subfield>
<subfield code="e">interviewer,</subfield>
<subfield code="e">photographer.</subfield>
</datafield>
<datafield ind1="1" ind2=" " tag="700">
<subfield code="a">Williams, John Alexander,</subfield>
<subfield code="d">1938-</subfield>
<subfield code="e">interviewer,</subfield>
<subfield code="e">photographer.</subfield>
</datafield>
<datafield ind1="1" ind2=" " tag="700">
<subfield code="a">Wood, Myron,</subfield>
<subfield code="e">photographer,</subfield>
<subfield code="e">interviewer.</subfield>
</datafield>
<datafield ind1="2" ind2=" " tag="710">
<subfield code="a">Archive of Folk Culture (Library of Congress)</subfield>
<subfield code="e">collector.</subfield>
</datafield>
<datafield ind1="2" ind2=" " tag="710">
<subfield code="a">American Folklife Center,</subfield>
<subfield code="e">sponsor.</subfield>
</datafield>
<datafield ind1="0" ind2="2" tag="740">
<subfield code="a">Old ties, new attachments.</subfield>
</datafield>
<datafield ind1="0" ind2=" " tag="740">
<subfield code="a">Italian-American folklife in the West.</subfield>
</datafield>
<datafield ind1=" " ind2=" " tag="852">
<subfield code="a">Library of Congress</subfield>
<subfield code="b">American Folklife Center,</subfield>
<subfield code="e">
101 Independence Ave. S.E., Washington, DC USA 20540-4610
</subfield>
</datafield>
<datafield ind1="4" ind2="1" tag="856">
<subfield code="3">Online presentation</subfield>
<subfield code="u">https://hdl.loc.gov/loc.afc/collafc.afc1989022</subfield>
</datafield>
<datafield ind1="4" ind2="2" tag="856">
<subfield code="3">Finding aid</subfield>
<subfield code="u">https://hdl.loc.gov/loc.afc/eadafc.af007003</subfield>
</datafield>
<datafield ind1=" " ind2=" " tag="985">
<subfield code="a">afc/ead</subfield>
</datafield>
<datafield ind1=" " ind2=" " tag="985">
<subfield code="a">afc/coll</subfield>
</datafield>
</record>
</collection>